{
  "leader": "02076cam a2200397 a 4500",
  "fields": [
    {
      "001": "ocn700468288"
    },
    {
      "003": "OCoLC"
    },
    {
      "005": "20220106142331.0"
    },
    {
      "008": "100603s2010\\\\\\\\nyua\\\\\\\\\\\\\\\\\\\\000\\0\\eng\\\\"
    },
    {
      "010": {
        "ind1": "\\",
        "ind2": "\\",
        "subfields": [
          {
            "a": "  2010929923"
          }
        ]
      }
    },
    {
      "040": {
        "ind1": "\\",
        "ind2": "\\",
        "subfields": [
          {
            "a": "UKM"
          },
          {
            "b": "eng"
          },
          {
            "c": "DLC"
          },
          {
            "d": "UKM"
          },
          {
            "d": "QDK"
          },
          {
            "d": "NPL"
          },
          {
            "d": "ORX"
          },
          {
            "d": "WIM"
          },
          {
            "d": "PAU"
          },
          {
            "d": "CUV"
          },
          {
            "d": "BTCTA"
          },
          {
            "d": "YDXCP"
          },
          {
            "d": "IUL"
          },
          {
            "d": "LML"
          },
          {
            "d": "GZM"
          },
          {
            "d": "CDX"
          },
          {
            "d": "VRC"
          },
          {
            "d": "BDX"
          },
          {
            "d": "OCLCF"
          },
          {
            "d": "P4I"
          },
          {
            "d": "CHVBK"
          },
          {
            "d": "OCLCQ"
          },
          {
            "d": "NTASP"
          },
          {
            "d": "NZAUC"
          },
          {
            "d": "OCLCQ"
          },
          {
            "d": "NZAYP"
          },
          {
            "d": "OCLCQ"
          },
          {
            "d": "JDP"
          },
          {
            "d": "OCLCO"
          },
          {
            "d": "KOTUI"
          },
          {
            "d": "OCLCA"
          },
          {
            "d": "UKMGB"
          },
          {
            "d": "OCLCQ"
          },
          {
            "d": "XFF"
          },
          {
            "d": "OCL"
          },
          {
            "d": "OCLCQ"
          }
        ]
      }
    },
    {
      "015": {
        "ind1": "\\",
        "ind2": "\\",
        "subfields": [
          {
            "a": "GBB095887"
          },
          {
            "2": "bnb"
          }
        ]
      }
    },
    {
      "016": {
        "ind1": "7",
        "ind2": "\\",
        "subfields": [
          {
            "a": "015624189"
          },
          {
            "2": "Uk"
          }
        ]
      }
    },
    {
      "019": {
        "ind1": "\\",
        "ind2": "\\",
        "subfields": [
          {
            "a": "548412902"
          },
          {
            "a": "655667013"
          }
        ]
      }
    },
    {
      "020": {
        "ind1": "\\",
        "ind2": "\\",
        "subfields": [
          {
            "a": "9781576875629"
          },
          {
            "q": "(hbk.)"
          }
        ]
      }
    },
    {
      "020": {
        "ind1": "\\",
        "ind2": "\\",
        "subfields": [
          {
            "a": "1576875628"
          },
          {
            "q": "(hbk.)"
          }
        ]
      }
    },
    {
      "035": {
        "ind1": "\\",
        "ind2": "\\",
        "subfields": [
          {
            "a": "(OCoLC)700468288"
          },
          {
            "z": "(OCoLC)548412902"
          },
          {
            "z": "(OCoLC)655667013"
          }
        ]
      }
    },
    {
      "042": {
        "ind1": "\\",
        "ind2": "\\",
        "subfields": [
          {
            "a": "lccopycat"
          }
        ]
      }
    },
    {
      "050": {
        "ind1": "0",
        "ind2": "0",
        "subfields": [
          {
            "a": "GN380"
          },
          {
            "b": ".G58 2010"
          }
        ]
      }
    },
    {
      "082": {
        "ind1": "0",
        "ind2": "4",
        "subfields": [
          {
            "a": "306.08"
          },
          {
            "b": "GLU"
          }
        ]
      }
    },
    {
      "100": {
        "ind1": "1",
        "ind2": "\\",
        "subfields": [
          {
            "a": "Gluckstein, Dana."
          }
        ]
      }
    },
    {
      "245": {
        "ind1": "1",
        "ind2": "0",
        "subfields": [
          {
            "a": "Dignity :"
          },
          {
            "b": "in honor of the rights of indigenous peoples /"
          },
          {
            "c": "Dana Glickstein ; foreword by Desmond Tutu ; introduction by Oren R. Lyons."
          }
        ]
      }
    },
    {
      "260": {
        "ind1": "\\",
        "ind2": "\\",
        "subfields": [
          {
            "a": "New York :"
          },
          {
            "b": "PowerHouse,"
          },
          {
            "c": "2010."
          }
        ]
      }
    },
    {
      "300": {
        "ind1": "\\",
        "ind2": "\\",
        "subfields": [
          {
            "a": "143 pages :"
          },
          {
            "b": "illustrations ;"
          },
          {
            "c": "31 cm"
          }
        ]
      }
    },
    {
      "336": {
        "ind1": "\\",
        "ind2": "\\",
        "subfields": [
          {
            "a": "text"
          },
          {
            "b": "txt"
          },
          {
            "2": "rdacontent"
          }
        ]
      }
    },
    {
      "337": {
        "ind1": "\\",
        "ind2": "\\",
        "subfields": [
          {
            "a": "unmediated"
          },
          {
            "b": "n"
          },
          {
            "2": "rdamedia"
          }
        ]
      }
    },
    {
      "338": {
        "ind1": "\\",
        "ind2": "\\",
        "subfields": [
          {
            "a": "volume"
          },
          {
            "b": "nc"
          },
          {
            "2": "rdacarrier"
          }
        ]
      }
    },
    {
      "520": {
        "ind1": "\\",
        "ind2": "\\",
        "subfields": [
          {
            "a": "Amnesty International, the Nobel Peace Prize-winning human rights organization, celebrates its 50th anniversary in 2011. In recognition of this milestone, powerHouse Books presents Dignity, a collection of photographs by Dana Gluckstein that celebrates the lives and cultures of Indigenous Peoples worldwide. This lavishly printed hardcover is filled with beautiful and inspiring images of this under-documented segment of the globe's population. Photographed over 25 years, this is a luscious yet urgent plea for indigenous people."
          }
        ]
      }
    },
    {
      "650": {
        "ind1": "\\",
        "ind2": "0",
        "subfields": [
          {
            "a": "Indigenous peoples"
          },
          {
            "v": "Pictorial works."
          }
        ]
      }
    },
    {
      "650": {
        "ind1": "\\",
        "ind2": "7",
        "subfields": [
          {
            "a": "Indigenous peoples."
          },
          {
            "2": "fast"
          },
          {
            "0": "(OCoLC)fst00970213"
          }
        ]
      }
    },
    {
      "655": {
        "ind1": "\\",
        "ind2": "7",
        "subfields": [
          {
            "a": "Illustrated works."
          },
          {
            "2": "fast"
          },
          {
            "0": "(OCoLC)fst01423873"
          }
        ]
      }
    },
    {
      "655": {
        "ind1": "\\",
        "ind2": "7",
        "subfields": [
          {
            "a": "Pictorial works."
          },
          {
            "2": "fast"
          },
          {
            "0": "(OCoLC)fst01423874"
          }
        ]
      }
    },
    {
      "655": {
        "ind1": "\\",
        "ind2": "7",
        "subfields": [
          {
            "a": "Illustrated works."
          },
          {
            "2": "lcgft"
          }
        ]
      }
    },
    {
      "994": {
        "ind1": "\\",
        "ind2": "\\",
        "subfields": [
          {
            "a": "Z0"
          },
          {
            "b": "NYRVC"
          }
        ]
      }
    },
    {
      "948": {
        "ind1": "\\",
        "ind2": "\\",
        "subfields": [
          {
            "h": "NO HOLDINGS IN NYRVC - 232 OTHER HOLDINGS"
          }
        ]
      }
    },
    {
      "999": {
        "ind1": "\\",
        "ind2": "\\",
        "subfields": [
          {
            "a": "00000000019231"
          }
        ]
      }
    }
  ]
}